<record xmlns="http://www.loc.gov/MARC21/slim" xmlns:xsi="http://www.w3.org/2001/XMLSchema-instance" xsi:schemaLocation="http://www.loc.gov/MARC21/slim http://www.loc.gov/standards/marcxml/schema/MARC21slim.xsd"><leader>00812cz   2200181n  4500</leader><controlfield tag="001">oca03276310 </controlfield><controlfield tag="005">19921123184057.6</controlfield><controlfield tag="008">921123n| acannaab|          |a aaa |||  </controlfield><datafield ind1=" " ind2=" " tag="010"><subfield code="a">n  92113346 </subfield></datafield><datafield ind1=" " ind2=" " tag="040"><subfield code="a">DLC</subfield><subfield code="c">DLC</subfield><subfield code="d">DLC</subfield></datafield><datafield ind1="0" ind2=" " tag="100"><subfield code="a">Paphnutius,</subfield><subfield code="c">Saint, anchorite,</subfield><subfield code="d">fl. 370</subfield></datafield><datafield ind1="0" ind2=" " tag="400"><subfield code="a">Paphnutius</subfield><subfield code="c">Cephalas, Saint, anchorite,</subfield><subfield code="d">fl. 370</subfield></datafield><datafield ind1="0" ind2=" " tag="400"><subfield code="a">Paphnutius</subfield><subfield code="c">Bubalis, Saint, anchorite,</subfield><subfield code="d">fl. 370</subfield></datafield><datafield ind1="0" ind2=" " tag="400"><subfield code="a">Paphnutius</subfield><subfield code="c">Bubalus, Saint, anchorite,</subfield><subfield code="d">fl. 370</subfield></datafield><datafield ind1="0" ind2=" " tag="400"><subfield code="a">Paphnutius</subfield><subfield code="c">Cephala, Saint, anchorite,</subfield><subfield code="d">fl. 370</subfield></datafield><datafield ind1=" " ind2=" " tag="670"><subfield code="a">His Histories of the monks of upper Egypt ... 1993:</subfield><subfield code="b">CIP t.p. (Paphnutius) galley (probably same as Paphnutius Cephalas and Paphnutius Bubalis)</subfield></datafield><datafield ind1=" " ind2=" " tag="670"><subfield code="a">LC manual cat.</subfield><subfield code="b">(hdg.: Paphnutius, Saint, anchorite, fl. 370)</subfield></datafield><datafield ind1=" " ind2=" " tag="670"><subfield code="a">Holweck</subfield><subfield code="b">(Paphnutius, nicknamed Bubalus and Cephala)</subfield></datafield></record>